<collection xmlns="http://www.loc.gov/MARC21/slim">
<record>
  <leader>01363nam0a2200253 i 450 </leader>
  <controlfield tag="001">IT\ICCU\CNCE\023498</controlfield>
  <controlfield tag="005">20130712000000.0</controlfield>
  <datafield tag="012" ind1=" " ind2=" ">
    <subfield code="a">a-us adni i-ta pe(p (3) 1558 (R)</subfield>
    <subfield code="2">fei</subfield>
  </datafield>
  <datafield tag="100" ind1=" " ind2=" ">
    <subfield code="a">19970708d1558        0itac0103    ba</subfield>
  </datafield>
  <datafield tag="101" ind1=" " ind2=" ">
    <subfield code="a">LAT</subfield>
  </datafield>
  <datafield tag="102" ind1=" " ind2=" ">
    <subfield code="a">IT</subfield>
  </datafield>
  <datafield tag="200" ind1="1" ind2=" ">
    <subfield code="a">Methodus confessionis. Hoc est, ars, siue ratio, et breuis quaedam via confitendi: in qua peccata et eorum remedia plenissime continentur. Ad haec, XII articulorum fides cum pia, tum erudita explanatio</subfield>
  </datafield>
  <datafield tag="210" ind1=" " ind2=" ">
    <subfield code="a">Venetijs</subfield>
    <subfield code="c">apud Franciscum Bindonum</subfield>
    <subfield code="d">1558</subfield>
  </datafield>
  <datafield tag="215" ind1=" " ind2=" ">
    <subfield code="a">316 p.</subfield>
    <subfield code="d">8ʻ</subfield>
  </datafield>
  <datafield tag="300" ind1=" " ind2=" ">
    <subfield code="a">Per l&apos;autore cfr.: Dictionnaire de spiritualit ̌ascťique et mystique, doctrine et histoire, XVI, col. 750</subfield>
  </datafield>
  <datafield tag="620" ind1=" " ind2=" ">
    <subfield code="a">IT</subfield>
    <subfield code="d">Venezia</subfield>
  </datafield>
  <datafield tag="700" ind1=" " ind2="1">
    <subfield code="a">Viexmont,</subfield>
    <subfield code="b">Claude : de</subfield>
    <subfield code="3">IT\ICCU\CNCA\013445</subfield>
  </datafield>
  <datafield tag="712" ind1="0" ind2="0">
    <subfield code="a">Bindoni, Francesco</subfield>
    <subfield code="c"> &lt;2.&gt;</subfield>
    <subfield code="3">IT\ICCU\CNCT\000656</subfield>
    <subfield code="4">650</subfield>
  </datafield>
  <datafield tag="790" ind1=" " ind2="1">
    <subfield code="a">Viexmontius,</subfield>
    <subfield code="b">Claudius</subfield>
    <subfield code="3">IT\ICCU\CNCA\025699</subfield>
    <subfield code="z">Viexmont, Claude : de</subfield>
  </datafield>
  <datafield tag="791" ind1="0" ind2="0">
    <subfield code="a">Bindonus, Franciscus</subfield>
    <subfield code="c"> &lt;2&gt;</subfield>
    <subfield code="3">IT\ICCU\CNCT\004386</subfield>
    <subfield code="z">Bindoni, Francesco &lt;2.&gt;</subfield>
  </datafield>
  <datafield tag="801" ind1=" " ind2="3">
    <subfield code="a">IT</subfield>
    <subfield code="b">ICCU</subfield>
    <subfield code="c">20201114</subfield>
  </datafield>
  <datafield tag="899" ind1=" " ind2=" ">
    <subfield code="a">Biblioteca comunale Sperelliana. Gubbio</subfield>
    <subfield code="1">PG0049</subfield>
    <subfield code="2">UM1 11</subfield>
  </datafield>
  <datafield tag="911" ind1=" " ind2=" ">
    <subfield code="a">sul front.</subfield>
    <subfield code="9">IT\ICCU\CNCM\000077</subfield>
  </datafield>
  <datafield tag="921" ind1=" " ind2=" ">
    <subfield code="a">IT\ICCU\CNCM\000077</subfield>
    <subfield code="b">Mano sorregge un candeliere insieme a due rami d&apos;alloro ed olivo. Sopra il candeliere occhio umano.</subfield>
    <subfield code="c">V285</subfield>
    <subfield code="c">Z901</subfield>
    <subfield code="d">Dimensioni: 4 x 4,8</subfield>
    <subfield code="f">ALLORO</subfield>
    <subfield code="f">CANDELIERE</subfield>
    <subfield code="f">MANO</subfield>
    <subfield code="f">OCCHIO</subfield>
    <subfield code="f">OLIVO</subfield>
    <subfield code="g">1558-1587</subfield>
  </datafield>
</record>
</collection>
